@phdthesis{Wood2016,
  title={Equivalence Verification for Memory Allocating Procedures},
  author={Wood, T},
  institution = {Imperial College London},
  year={Under Submission}
}

@inproceedings{Banerjee2016,
  author = {Anindya Banerjee and David A.~Schmidt and Mohammad Nikouei},
  title = {Relational Logic with Framing and Hypotheses},
  booktitle = {FSTTCS},
  year = {2016},
  butype = {inproceedings}
}

@article{Detlefs2005,
 author = {Detlefs, David and Nelson, Greg and Saxe, James B.},
 title = {Simplify: A Theorem Prover for Program Checking},
 journal = {J. ACM},
 volume = {52},
 number = {3},
 year = {2005},
 pages = {365--473},
 publisher = {ACM},
} 

@inproceedings{Bozga2003,
 author = {Bozga, Marius and Iosif, Radu and Laknech, Yassine},
 title = {Storeless Semantics and Alias Logic},
 booktitle = {Proceedings of the 2003 ACM SIGPLAN Workshop on Partial Evaluation and Semantics-based Program Manipulation},
 series = {PEPM '03},
 year = {2003},
 location = {San Diego, California, USA},
 publisher = {ACM},
} 

@inproceedings{Strichman2016,
  title={Regression Verification for unbalanced recursive functions},
  author={Ofer Strichman and Maor Veitsman},
  booktitle={Proc. of 21st International Symposium on Formal Methods (FMâ€™16)},
  year={2016},
}

@incollection{Pitts2002,
  title={Operational semantics and program equivalence},
  author={Pitts, Andrew M},
  booktitle={Applied Semantics},
  year={2002},
  publisher={Springer},
}

@INPROCEEDINGS{Benton2006,
  author = {Benton, Nick},
  title = {Abstracting allocation},
  booktitle = {Computer Science Logic},
  year = {2006},
  organization = {Springer},
}

@ARTICLE{Hawblitzel2013,
  author = {Hawblitzel, Chris and Kawaguchi, Ming and Lahiri, Shuvendu K and
	Reb{\^e}lo, Henrique},
  title = {Towards modularly comparing programs using automated theorem provers},
  journal = {International Conference on Automated Deduction},
  year = {2013},
  month = {June},
}

@TECHREPORT{Kawaguchi2010,
  author = {Ming Kawaguchi and Shuvendu K. Lahiri and Henrique Reb{\^e}lo},
  title = {Conditional equivalence},
  institution = {Microsoft},
  year = {2010},
  number = {MSR-TR-2010-119},
  month = {October},
}

@INPROCEEDINGS{Lahiri2013,
  author = {Shuvendu Lahiri and Ken McMillan and Rahul Sharma and Chris Hawblitzel},
  title = {Differential Assertion Checking},
  booktitle = {Foundations of Software Engineering},
  year = {2013},
  publisher = {ACM},
}

@INPROCEEDINGS{Lahiri2012,
  author = {Lahiri, Shuvendu K. and Hawblitzel, Chris and Kawaguchi, Ming and Reb{\^e}lo, Henrique},
  title = {SYMDIFF: a language-agnostic semantic diff tool for imperative programs},
  booktitle = {Proceedings of the 24th international conference on Computer Aided Verification},
  year = {2012},
  series = {CAV'12},
  publisher = {Springer-Verlag},
}

@inproceedings{Clarke2003,
  title={Behavioral consistency of C and Verilog programs using bounded model checking},
  author={Clarke, Edmund and Kroening, Daniel and Yorav, Karen},
  booktitle={Design Automation Conference, 2003. Proceedings},
  year={2003},
  organization={IEEE}
}

@inproceedings{Felsing2014,
 author = {Felsing, Dennis and Grebing, Sarah and Klebanov, Vladimir and R\"{u}mmer, Philipp and Ulbrich, Mattias},
 title = {Automating Regression Verification},
 booktitle = {Proceedings of the 29th ACM/IEEE International Conference on Automated Software Engineering},
 series = {ASE '14},
 year = {2014},
 publisher = {ACM},
} 

@inproceedings{Barnett2005,
  title={Boogie: A modular reusable verifier for object-oriented programs},
  author={Barnett, Mike and Chang, Bor-Yuh Evan and DeLine, Robert and Jacobs, Bart and Leino, K Rustan M},
  booktitle={International Symposium on Formal Methods for Components and Objects},
  year={2005},
  organization={Springer}
}

@INPROCEEDINGS{Leino2008a,
  author = {Leino, K. Rustan M. and M\"{u}ller, Peter},
  title = {Verification of equivalent-results methods},
  booktitle = {Proceedings of the Theory and practice of software, 17th European
	conference on Programming languages and systems},
  year = {2008},
  publisher = {Springer-Verlag},
}

@inproceedings{Bavota2012,
  title={When does a refactoring induce bugs? an empirical study},
  author={Bavota, Gabriele and De Carluccio, Bernardino and De Lucia, Andrea and Di Penta, Massimiliano and Oliveto, Rocco and Strollo, Orazio},
  booktitle={Source Code Analysis and Manipulation (SCAM), 2012 IEEE 12th International Working Conference on},
  year={2012},
  organization={IEEE}
}

@INPROCEEDINGS{Park2012,
  author = {Jihun Park and Miryung Kim and Ray, B. and Doo-Hwan Bae},
  title = {An empirical study of supplementary bug fixes},
  booktitle = {Mining Software Repositories (MSR), 2012 9th IEEE Working Conference on},
  year = {2012},
}

@INPROCEEDINGS{Sumner2010,
  author = {Sumner, William N. and Zhang, Xiangyu},
  title = {Memory indexing: canonicalizing addresses across executions},
  booktitle = {Proceedings of the eighteenth ACM SIGSOFT international symposium
	on Foundations of software engineering},
  year = {2010},
  publisher = {ACM},
}

@INPROCEEDINGS{Yin2011,
  author = {Yin, Zuoning and Yuan, Ding and Zhou, Yuanyuan and Pasupathy, Shankar
	and Bairavasundaram, Lakshmi},
  title = {How do fixes become bugs?},
  booktitle = {Proceedings of the 19th ACM SIGSOFT symposium and the 13th European
	conference on Foundations of software engineering},
  year = {2011},
  publisher = {ACM},
}

@inproceedings{Leino10,
 author = {Leino, K. Rustan M.},
 title = {Dafny: An Automatic Program Verifier for Functional Correctness},
 booktitle = {Proceedings of the 16th International Conference on Logic for Programming, Artificial Intelligence, and Reasoning},
 year = {2010},
 publisher = {Springer-Verlag},
} 

@inproceedings{Stepp11,
 author = {Stepp, Michael and Tate, Ross and Lerner, Sorin},
 title = {Equality-based Translation Validator for LLVM},
 booktitle = {Proceedings of the 23rd International Conference on Computer Aided Verification},
 year = {2011},
 publisher = {Springer-Verlag},
}

@inproceedings{Tristan11,
 author = {Tristan, Jean-Baptiste and Govereau, Paul and Morrisett, Greg},
 title = {Evaluating Value-graph Translation Validation for LLVM},
 booktitle = {Proceedings of the 32Nd ACM SIGPLAN Conference on Programming Language Design and Implementation},
 year = {2011},
 publisher = {ACM},
} 

@inproceedings{Le2014,
 author = {Le, Vu and Afshari, Mehrdad and Su, Zhendong},
 title = {Compiler Validation via Equivalence Modulo Inputs},
 booktitle = {Proceedings of the 35th ACM SIGPLAN Conference on Programming Language Design and Implementation},
 series = {PLDI '14},
 year = {2014},
 publisher = {ACM},
} 

@Article{Godlin08,
author="Godlin, Benny and Strichman, Ofer",
title="Inference rules for proving the equivalence of recursive procedures",
journal="Acta Informatica",
year="2008",
volume="45",
number="6",
}

@inproceedings{Godlin09,
 author = {Godlin, Benny and Strichman, Ofer},
 title = {Regression Verification},
 booktitle = {Proceedings of the 46th Annual Design Automation Conference},
 year = {2009},
 publisher = {ACM},
} 

@inproceedings{Kundu09,
 author = {Kundu, Sudipta and Tatlock, Zachary and Lerner, Sorin},
 title = {Proving Optimizations Correct Using Parameterized Program Equivalence},
 booktitle = {Proceedings of the 30th ACM SIGPLAN Conference on Programming Language Design and Implementation},
 year = {2009},
 publisher = {ACM},
} 

@article{Elenbogen2015,
 author = {Elenbogen, Dima and Katz, Shmuel and Strichman, Ofer},
 title = {Proving Mutual Termination},
 journal = {Form. Methods Syst. Des.},
 volume = {47},
 number = {2},
 year = {2015},
 publisher = {Kluwer Academic Publishers},
} 

@book{Dahl1972,
 editor = {Dahl, O. J. and Dijkstra, E. W. and Hoare, C. A. R.},
 title = {Structured Programming},
 year = {1972},
 publisher = {Academic Press Ltd.},
} 

@article{Milner1977,
title = "Fully abstract models of typed $\lambda$-calculi",
journal = "Theoretical Computer Science",
volume = "4",
number = "1",
year = "1977",
author = "Robin Milner",
}

@PHDTHESIS{Morris1968,
  title={Lambda-calculus models of programming languages.},
  author={Morris, James H},
  year={1968},
  school = {MIT, Cambridge, MA},
}

@Article{Tennent2000,
author="Tennent, Robert D. and Ghica, Dan R.",
title="Abstract Models of Storage",
journal="Higher-Order and Symbolic Computation",
year="2000",
volume="13",
number="1",
}

@inproceedings{Koutavas2006,
 author = {Koutavas, Vasileios and Wand, Mitchell},
 title = {Small Bisimulations for Reasoning About Higher-order Imperative Programs},
 booktitle = {Conference Record of the 33rd ACM SIGPLAN-SIGACT Symposium on Principles of Programming Languages},
 year = {2006},
 publisher = {ACM},
} 

@article{Tzevelekos2012,
title = "Program equivalence in a simple language with state ",
journal = "Computer Languages, Systems and Structures ",
volume = "38",
number = "2",
year = "2012",
author = "Nikos Tzevelekos",
}


@inproceedings{Benton2004,
 author = {Benton, Nick},
 title = {Simple Relational Correctness Proofs for Static Analyses and Program Transformations},
 booktitle = {Proceedings of the 31st ACM SIGPLAN-SIGACT Symposium on Principles of Programming Languages},
 year = {2004},
 publisher = {ACM},
}

@inproceedings{Barthe2011,
 author = {Barthe, Gilles and Crespo, Juan Manuel and Kunz, C{\'e}sar},
 title = {Relational Verification Using Product Programs},
 booktitle = {Proceedings of the 17th International Conference on Formal Methods},
 year = {2011},
 publisher = {Springer-Verlag},
} 

@inproceedings{Barthe2004,
 author = {Barthe, Gilles and D'Argenio, Pedro R. and Rezk, Tamara},
 title = {Secure Information Flow by Self-Composition},
 booktitle = {Proceedings of the 17th IEEE Workshop on Computer Security Foundations},
 year = {2004},
 publisher = {IEEE Computer Society},
} 

@Inbook{Barthe2013,
author={Barthe, Gilles and Crespo, Juan Manuel and Kunz, C{\'e}sar},
editor={Artemov, Sergei and Nerode, Anil},
title={Beyond 2-Safety: Asymmetric Product Programs for Relational Program Verification},
bookTitle="Logical Foundations of Computer Science: International Symposium, LFCS 2013, San Diego, CA, USA, January 6-8, 2013. Proceedings",
year="2013",
publisher="Springer Berlin Heidelberg",
}

@article{Barthe2016,
title = "Product programs and relational program logics ",
journal = "Journal of Logical and Algebraic Methods in Programming ",
year = "2016",
author = "Gilles Barthe and Juan Manuel Crespo and CÃ©sar Kunz",
}

@inproceedings{Benton2007,
 author = {Benton, Nick and Kennedy, Andrew and Beringer, Lennart and Hofmann, Martin},
 title = {Relational Semantics for Effect-based Program Transformations with Dynamic Allocation},
 booktitle = {Proceedings of the 9th ACM SIGPLAN International Conference on Principles and Practice of Declarative Programming},
 year = {2007},
 publisher = {ACM},
} 

@article{Yang2007,
 author = {Yang, Hongseok},
 title = {Relational Separation Logic},
 journal = {Theor. Comput. Sci.},
 volume = {375},
 number = {1-3},
 year = {2007},
 publisher = {Elsevier Science Publishers Ltd.},
} 

@inproceedings{Zaks2008,
  title={Covac: Compiler validation by program analysis of the cross-product},
  author={Zaks, Anna and Pnueli, Amir},
  booktitle={International Symposium on Formal Methods},
  year={2008},
  organization={Springer},
}

@inproceedings{Barthe2014,
 author = {Barthe, Gilles and Gaboardi, Marco and Arias, Emilio Jes\'{u}s Gallego and Hsu, Justin and Kunz, C{\'e}sar and Strub, Pierre-Yves},
 title = {Proving Differential Privacy in Hoare Logic},
 booktitle = {Proceedings of the 2014 IEEE 27th Computer Security Foundations Symposium},
 year = {2014},
 publisher = {IEEE Computer Society},
} 

@inproceedings{Beringer2011,
  title={Relational decomposition},
  author={Beringer, Lennart},
  booktitle={International Conference on Interactive Theorem Proving},
  year={2011},
  organization={Springer}
}

@article{Joshi2000,
 author = {Joshi, Rajeev and Leino, K. Rustan M.},
 title = {A Semantic Approach to Secure Information Flow},
 journal = {Sci. Comput. Program.},
 volume = {37},
 number = {1-3},
 year = {2000},
 publisher = {Elsevier North-Holland, Inc.},
}

@inproceedings{Partush2014,
 author = {Partush, Nimrod and Yahav, Eran},
 title = {Abstract Semantic Differencing via Speculative Correlation},
 booktitle = {Proceedings of the 2014 ACM International Conference on Object Oriented Programming Systems Languages \& Applications},
 year = {2014},
 publisher = {ACM},
} 

@inproceedings{Terauchi2005,
 author = {Terauchi, Tachio and Aiken, Alex},
 title = {Secure Information Flow As a Safety Problem},
 booktitle = {Proceedings of the 12th International Conference on Static Analysis},
 year = {2005},
 publisher = {Springer-Verlag},
} 

@article{Hoare1969,
 author = {Hoare, C. A. R.},
 title = {An Axiomatic Basis for Computer Programming},
 journal = {Commun. ACM},
 volume = {12},
 number = {10},
 year = {1969},
 publisher = {ACM},
} 

@article{Yanov1958,
  title={Logical operator schemes},
  author={Yanov, Yu I},
  journal={Kybernetilca I},
  year={1958}
}

@phdthesis{Igarishi1964,
  title={An axiomatic approach to equivalence problems of algorithms with applications},
  author={Igarishi, S},
  journal={Computer Centre, Univ. of Tokyo},
  year={1964}
}

@article{DeBarker1968,
  title={Axiomatics of simple assignment statements},
  author={de Barker, J. W.},
  journal={MR 94},
  year={1968}
}

@inproceedings{DeMoura2008,
 author = {De Moura, Leonardo and Bj{\o}rner, Nikolaj},
 title = {Z3: An Efficient SMT Solver},
 booktitle = {Proceedings of the Theory and Practice of Software, 14th International Conference on Tools and Algorithms for the Construction and Analysis of Systems},
 year = {2008},
 publisher = {Springer-Verlag},
} 
